@inproceedings{appdistoracl,
 author = {Thorup, Mikkel and Zwick, Uri},
 title = {Approximate Distance Oracles},
 booktitle = {Proceedings of the Thirty-third Annual ACM Symposium on Theory of Computing},
 series = {STOC '01},
 year = {2001},
 isbn = {1-58113-349-9},
 location = {Hersonissos, Greece},
 pages = {183--192},
 numpages = {10},
 url = {http://doi.acm.org/10.1145/380752.380798},
 doi = {10.1145/380752.380798},
 acmid = {380798},
 publisher = {ACM},
 address = {New York, NY, USA},
}
