@incollection{appdistoraclplus,
year={2008},
isbn={978-3-540-70574-1},
booktitle={Automata, Languages and Programming},
volume={5125},
series={Lecture Notes in Computer Science},
//editor={Aceto, Luca and Damgård, Ivan and Goldberg, LeslieAnn and Halldórsson, MagnúsM. and Ingólfsdóttir, Anna and Walukiewicz, Igor},
doi={10.1007/978-3-540-70575-8_50},
title={Distance Oracles for Unweighted Graphs: Breaking the Quadratic Barrier with Constant Additive Error},
url={http://dx.doi.org/10.1007/978-3-540-70575-8_50},
publisher={Springer Berlin Heidelberg},
author={Baswana, Surender and Gaur, Akshay and Sen, Sandeep and Upadhyay, Jayant},
pages={609-621},
language={English}
}
