@INPROCEEDINGS{apspfmp, 
author={Shoshan, A. and Zwick, U.}, 
booktitle={Foundations of Computer Science, 1999. 40th Annual Symposium on}, 
title={All pairs shortest paths in undirected graphs with integer weights}, 
year={1999}, 
month={}, 
pages={605-614}, 
keywords={computational complexity;graph theory;matrix multiplication;all pairs shortest paths problem;input graph;integer edge weights;matrix distance products;matrix multiplication;undirected graphs;Computer science;Matrices;Read only memory;Upper bound}, 
doi={10.1109/SFFCS.1999.814635}, 
ISSN={0272-5428},}
