@article{compactdistance,
title = "On compact representations of All-Pairs-Shortest-Path-Distance matrices ",
journal = "Theoretical Computer Science ",
volume = "411",
number = "34â€“36",
pages = "3293 - 3300",
year = "2010",
note = "",
issn = "0304-3975",
doi = "http://dx.doi.org/10.1016/j.tcs.2010.05.021",
url = "http://www.sciencedirect.com/science/article/pii/S0304397510003130",
author = "Paolo Ferragina and Igor Nitto and Rossano Venturini",
keywords = "Succinct data structures",
keywords = "Compressed indexes for strings and trees",
keywords = "All-Pairs-Shortest-Path Distances "
}

