@ARTICLE{dijkstra,
    author = {E. W. Dijkstra},
    title = {A Note on Two Problems in Connexion with Graphs},
    journal = {NUMERISCHE MATHEMATIK},
    year = {1959},
    volume = {1},
    number = {1},
    pages = {269--271}
}
