@inproceedings{distanceintersection,
 author = {Patrascu, Mihai and Roditty, Liam},
 title = {Distance Oracles Beyond the Thorup-Zwick Bound},
 booktitle = {Proceedings of the 2010 IEEE 51st Annual Symposium on Foundations of Computer Science},
 series = {FOCS '10},
 year = {2010},
 isbn = {978-0-7695-4244-7},
 pages = {815--823},
 numpages = {9},
 url = {http://dx.doi.org/10.1109/FOCS.2010.83},
 doi = {10.1109/FOCS.2010.83},
 acmid = {1918364},
 publisher = {IEEE Computer Society},
 address = {Washington, DC, USA},
 keywords = {Distance oracles, Graphs},
} 
