@article{funnymult,
title = "On the Exponent of the All Pairs Shortest Path Problem ",
journal = "Journal of Computer and System Sciences ",
volume = "54",
number = "2",
pages = "255 - 262",
year = "1997",
note = "",
issn = "0022-0000",
doi = "http://dx.doi.org/10.1006/jcss.1997.1388",
url = "http://www.sciencedirect.com/science/article/pii/S002200009791388X",
author = "Noga Alon and Zvi Galil and Oded Margalit"
}

