@article {graphspanners,
author = {Peleg, David and Schäffer, Alejandro A.},
title = {Graph spanners},
journal = {Journal of Graph Theory},
volume = {13},
number = {1},
publisher = {Wiley Subscription Services, Inc., A Wiley Company},
issn = {1097-0118},
url = {http://dx.doi.org/10.1002/jgt.3190130114},
doi = {10.1002/jgt.3190130114},
pages = {99--116},
year = {1989},
}
