@techreport{kshortest,
  title = {{Finding the $k$ shortest paths}},
  author = {David Eppstein},
  address = {Irvine, CA, 92697-3425, USA},
  institution = {Univ. of California, Irvine, Dept. of Information and Computer
    Science},
  number = {94-26},
  year = {1994},
  url = {http://www.ics.uci.edu/~eppstein/pubs/Epp-TR-94-26.pdf}}
