@article{kspheur,
title = "K*: A heuristic search algorithm for finding the k shortest paths ",
journal = "Artificial Intelligence ",
volume = "175",
number = "18",
pages = "2129 - 2154",
year = "2011",
note = "",
issn = "0004-3702",
doi = "http://dx.doi.org/10.1016/j.artint.2011.07.003",
url = "http://www.sciencedirect.com/science/article/pii/S0004370211000865",
author = "Husain Aljazzar and Stefan Leue",
keywords = "k-Shortest-paths problem",
keywords = "K*",
keywords = "Heuristic search",
keywords = "On-the-fly search "
}

